<record><leader>00000cas a22000007a 4500</leader><controlfield tag="001">40895760</controlfield><controlfield tag="008">990303d1uuu19uuncumr ne      0    0eng d</controlfield><datafield ind1=" " ind2=" " tag="010"><subfield code="a">sn 98058921 </subfield></datafield><datafield ind1=" " ind2=" " tag="040"><subfield code="a">NVJ</subfield><subfield code="b">eng</subfield><subfield code="c">NVJ</subfield><subfield code="d">OCLCQ</subfield><subfield code="d">OCLCF</subfield><subfield code="d">OCLCO</subfield></datafield><datafield ind1=" " ind2=" " tag="042"><subfield code="a">msc</subfield></datafield><datafield ind1=" " ind2=" " tag="043"><subfield code="a">n-us-nc</subfield></datafield><datafield ind1="0" ind2=" " tag="130"><subfield code="a">Our mountain home (Asheville, N.C.)</subfield></datafield><datafield ind1="1" ind2="0" tag="245"><subfield code="a">Our mountain home.</subfield></datafield><datafield ind1=" " ind2=" " tag="260"><subfield code="a">Asheville, N.C. :</subfield><subfield code="b">J.M. Stoner</subfield></datafield><datafield ind1=" " ind2=" " tag="300"><subfield code="a">v.</subfield></datafield><datafield ind1=" " ind2=" " tag="310"><subfield code="a">Monthly</subfield></datafield><datafield ind1=" " ind2=" " tag="588"><subfield code="a">Description based on: Vol. 8, no. 11 (Dec. 1906).</subfield></datafield><datafield ind1=" " ind2="0" tag="651"><subfield code="a">Asheville (N.C.)</subfield><subfield code="v">Newspapers.</subfield></datafield><datafield ind1=" " ind2="0" tag="651"><subfield code="a">Buncombe County (N.C.)</subfield><subfield code="v">Newspapers.</subfield></datafield><datafield ind1=" " ind2="7" tag="655"><subfield code="a">Newspapers.</subfield><subfield code="2">fast</subfield><subfield code="0">(OCoLC)fst01423814</subfield></datafield><datafield ind1=" " ind2="7" tag="651"><subfield code="a">North Carolina</subfield><subfield code="z">Asheville.</subfield><subfield code="2">fast</subfield><subfield code="0">(OCoLC)fst01205440</subfield></datafield><datafield ind1=" " ind2="7" tag="651"><subfield code="a">North Carolina</subfield><subfield code="z">Buncombe County.</subfield><subfield code="2">fast</subfield><subfield code="0">(OCoLC)fst01206566</subfield></datafield><datafield ind1=" " ind2=" " tag="752"><subfield code="a">United States</subfield><subfield code="b">North Carolina</subfield><subfield code="c">Buncombe</subfield><subfield code="d">Asheville.</subfield></datafield></record>